<record><leader>00000cas a22000007a 4500</leader><controlfield tag="001">13239142</controlfield><controlfield tag="008">860305d18651865txudr ne      0    0eng  </controlfield><datafield ind1=" " ind2=" " tag="010"><subfield code="a">sn 86071180 </subfield></datafield><datafield ind1=" " ind2=" " tag="040"><subfield code="a">DLC</subfield><subfield code="b">eng</subfield><subfield code="c">DLC</subfield><subfield code="d">PPM</subfield><subfield code="d">DLC</subfield><subfield code="d">OCLCQ</subfield></datafield><datafield ind1=" " ind2=" " tag="042"><subfield code="a">msc</subfield></datafield><datafield ind1="0" ind2="0" tag="050"><subfield code="a">Newspaper 9900</subfield></datafield><datafield ind1="0" ind2="0" tag="245"><subfield code="a">Flake's daily bulletin.</subfield></datafield><datafield ind1="1" ind2="3" tag="246"><subfield code="a">Flake's bulletin</subfield></datafield><datafield ind1=" " ind2=" " tag="260"><subfield code="a">Galveston [Tex.] :</subfield><subfield code="b">F. Flake &amp; Co.</subfield></datafield><datafield ind1=" " ind2=" " tag="300"><subfield code="a">v. ;</subfield><subfield code="c">50 cm.</subfield></datafield><datafield ind1=" " ind2=" " tag="310"><subfield code="a">Daily</subfield></datafield><datafield ind1="1" ind2=" " tag="362"><subfield code="a">Began June 17, 1865? Ceased in Dec. 1865.</subfield></datafield><datafield ind1=" " ind2=" " tag="588"><subfield code="a">Description based on: Vol. 1, no. 13 (June 29, 1865).</subfield></datafield><datafield ind1=" " ind2=" " tag="752"><subfield code="a">United States</subfield><subfield code="b">Texas</subfield><subfield code="c">Galveston</subfield><subfield code="d">Galveston.</subfield></datafield><datafield ind1="0" ind2=" " tag="775"><subfield code="t">Flake's weekly Galveston bulletin</subfield><subfield code="w">(DLC)sn 86071181</subfield><subfield code="w">(OCoLC)13240321</subfield></datafield><datafield ind1="0" ind2=" " tag="775"><subfield code="t">Flake's tri-weekly Galveston bulletin</subfield><subfield code="w">(OCoLC)14270049</subfield></datafield><datafield ind1="0" ind2="0" tag="780"><subfield code="t">Flake's bulletin</subfield><subfield code="w">(OCoLC)14269941</subfield></datafield><datafield ind1="0" ind2="0" tag="785"><subfield code="t">Flake's daily Galveston bulletin</subfield><subfield code="w">(OCoLC)14634159</subfield></datafield><datafield ind1="1" ind2=" " tag="029"><subfield code="a">AU@</subfield><subfield code="b">000025833065</subfield></datafield></record>